@MISC{bmbf,
  AUTHOR = "Bundesministerium f√ºr Bildung und Forschung",
  TITLE = "IT-Ausstattung der allgemein bildenden und berufsbildenden Schulen in Deutschland",
  HOWPUBLISHED = "http://www.schulen-ans-netz.de/neuemedien/fakten/dokus/it-ausstattung-2003.pdf",
  YEAR = "2003"
  }

@misc{and1,
author = "Android Developer",
howpublished="https://developer.android.com/guide/components/fundamentals.html",
Year = "Stand 2017"}

@misc{and2,
author = "Android Developer",
howpublished="https://developer.android.com/guide/components/intents-filters.html",
Year = "Stand 2017"}

@misc{and3,
author = "Android Developer",
howpublished= "https://developer.android.com/training/location/index.html",
Year = "Stand 2017"}

@misc{unpub,
author="Unity Technologies",
howpublished="https://unity3d.com/public-relations",
Year="Stand 2017"
}

@misc{and0,
howpublished="https://www.strategyanalytics.com/strategy-analytics/news/strategy-analytics-press-releases/strategy-analytics-press-release/2016/11/02/strategy-analytics-android-captures-record-88-percent-share-of-global-smartphone-shipments-in-q3-2016",
Year="Stand 2017"}

@misc{pokewiki,
howpublished="https://en.wikipedia.org/wiki/Pok%C3%A9mon_Go",
Year="Stand 2017"}


@misc{un,
author="Unity Technologies",
howpublished="unity3d.com/unity",
Year="Stand 2017"}


@misc{unindie,
howpublished="https://madewith.unity.com/en/games/semispheres",
Year="Stand 2017"}

@misc{unpubl,
howpublished="https://madewith.unity.com/en/games/deus-ex-go",
Year="Stand 2017"}

@misc{unblog,
author="Unity Technologies",
howpublished="https://blogs.unity3d.com/2016/07/20/games-by-the-numbers-2016-q2-bric-countries-dominate-global-mobile-game-installs/",
Year="Stand 2017"}

@misc{pswiki,
howpublished="https://en.wikipedia.org/wiki/Adobe\_Photoshop",
Year="Stand 2017"}

@misc{psbuis,
howpublished="https://www.business.com/articles/photoshop-reigns-supreme-how-the-software-has-maintained-market-dominance/",
Year="Stand 2017"}

@misc{psacr,
howpublished="http://www.animationcareerreview.com/articles/top-20-most-essential-software-artists-and-designers?page=0,1",
Year="Stand 2017"}

@misc{psblo,
howpublished="https://www.bloopanimation.com/animation-software/",
Year="Stand 2017"}


@misc{popol,
howpublished="https://www.polygon.com/2017/2/27/14753570/pokemon-go-downloads-650-million",
Year="Stand 2017"}

@misc{pobuis,
howpublished="http://www.businessinsider.de/pokemon-go-500-million-downloads-2016-9",
Year="Stand 2017"}

@misc{poapp,
howpublished="https://appinstitute.com/pokemongo-realtime-stats/",
Year="Stand 2017"}

@misc{posoc,
howpublished="http://www.socialmediatoday.com/technology-data/social-brilliance-pokemon-go",
Year="Stand 2017"}

@misc{poven,
howpublished="https://venturebeat.com/2017/01/17/pokemon-go-generated-revenues-of-950-million-in-2016",
Year="Stand 2017"}




@misc{paki,
howpublished="http://www.parallelkingdom.com/",
Year="Stand 2017"}

@misc{pknow,
howpublished="https://www.nowgamer.com/parallel-kingdom-interview-when-mmo-meets-gps/",
Year="Stand 2017"}

@misc{pkbae,
howpublished="http://www.bestappever.com/awards/2009/",
Year="Stand 2017"}

@misc{pofor,
howpublished="https://www.forbes.com/sites/insertcoin/2017/01/22/pokemon-go-has-had-the-same-problem-for-six-months-no-endgame/\#4f4040544589",
Year="Stand 2017"}

@misc{pkcom,
howpublished="http://www.parallelkingdom.com/community/update-hut.aspx\#302",
Year="Stand 2017"}

@misc{psbka,
howpublished="http://www.bundeskartellamt.de/SharedDocs/Entscheidung/DE/Entscheidungen/Fusionskontrolle/2005/B7-162-05.pdf?\_\_blob=publicationFile\&v=3",
Year="Stand 2017"}

@misc{crtes,
howpublished="www.statisticbrain.com/skyrim-the-elder-scrolls-v-statistics/",
Year="Stand 2017"}

@misc{mtc,
howpublished="https://play.google.com/store/apps/details?id=com.rolocule.motiontennis\&hl=en",
Year="Stand 2017"}

@misc{trpgbsss,
howpublished="http://steamspy.com/app/237990",
Year="Stand 2017"}

@misc{trpgbswiki,
howpublished="https://en.wikipedia.org/wiki/The\_Banner\_Saga",
Year="Stand 2017"}


@misc{trpgffwiki,
howpublished="https://en.wikipedia.org/wiki/Final\_Fantasy\_Tactics",
Year="Stand 2017"}

@misc{helm,
howpublished= "https://en.wikipedia.org/wiki/Horned\_helmet.html",
Year = "Stand 2017"}
@misc{viki,
howpublished= "https://en.wikipedia.org/wiki/Vikings",
Year = "Stand 2017"}
@misc{morg,
howpublished="https://de.wikipedia.org/wiki/Morgenstern\_(Waffe)",
Year = "Stand 2017"}
@misc{color1,
howpublished="https://en.99designs.de/blog/tips/how-color-impacts-emotions-and-behaviors/",
Year = "Stand 2017"}
@misc{color2,
howpublished="http://www.arttherapyblog.com/online/color-psychology-psychologica-effects-of-colors/",
Year = "Stand 2017"}
@misc{aoe2,
howpublished="http://ageofempires.wikia.com/wiki/Berserk",
Year ="Stand 2017"}
@misc{egy,
howpublished="https://de.wikipedia.org/wiki/Altes\_%C3%84gypten",
Year ="Stand 2017"}
@misc{egyrel,
howpublished="https://de.wikipedia.org/wiki/Alt%C3%A4gyptische\_Religion",
Year = "Stand 2017"}
@misc{harp,
howpublished="https://en.wikipedia.org/wiki/Harpy",
Year = "Stand 2017"}
@misc{ra,
howpublished="https://en.wikipedia.org/wiki/Ra",
Year = "Stand 2017"}
@misc{egynoarm,
howpublished="https://en.wikipedia.org/wiki/Military\_of\_ancient\_Egypt",
Year = "Stand 2017"}
@misc{chep,
howpublished="https://de.wikipedia.org/wiki/Chepesch",
Year = "Stand 2017"}